@article{albert2000error,
  title={Error and attack tolerance of complex networks},
  author={Albert, R{\'e}ka and Jeong, Hawoong and Barab{\'a}si, Albert-L{\'a}szl{\'o}},
  journal={nature},
  volume={406},
  number={6794},
  pages={378--382},
  year={2000},
  publisher={Nature Publishing Group}
}

@article{schneider2013towards,
  title={Towards designing robust coupled networks},
  author={Schneider, Christian M and Yazdani, Nuri and Ara{\'u}jo, Nuno AM and Havlin, Shlomo and Herrmann, Hans J},
  journal={Scientific reports},
  volume={3},
  year={2013},
  publisher={Nature Publishing Group}
}

@article{schneider2011mitigation,
  title={Mitigation of malicious attacks on networks},
  author={Schneider, Christian M and Moreira, Andr{\'e} A and Andrade, Jos{\'e} S and Havlin, Shlomo and Herrmann, Hans J},
  journal={Proceedings of the National Academy of Sciences},
  volume={108},
  number={10},
  pages={3838--3841},
  year={2011},
  publisher={National Acad Sciences}
}

@article{brummitt2012suppressing,
  title={Suppressing cascades of load in interdependent networks},
  author={Brummitt, Charles D and Dâ€™Souza, Raissa M and Leicht, EA},
  journal={Proceedings of the National Academy of Sciences},
  volume={109},
  number={12},
  pages={E680--E689},
  year={2012},
  publisher={National Acad Sciences}
}

@article{buldyrev2010catastrophic,
  title={Catastrophic cascade of failures in interdependent networks},
  author={Buldyrev, Sergey V and Parshani, Roni and Paul, Gerald and Stanley, H Eugene and Havlin, Shlomo},
  journal={Nature},
  volume={464},
  number={7291},
  pages={1025--1028},
  year={2010},
  publisher={Nature Publishing Group}
}

@article{bashan2013extreme,
  title={The extreme vulnerability of interdependent spatially embedded networks},
  author={Bashan, Amir and Berezin, Yehiel and Buldyrev, Sergey V and Havlin, Shlomo},
  journal={Nature Physics},
  volume={9},
  number={10},
  pages={667--672},
  year={2013},
  publisher={Nature Publishing Group}
}
